@misc{b1,
  title={Internet Users in the World by Regions},
  author={Internet World Stats},
  year={2019},
  publisher={www.internetworldstats.com/stats.htm}},
}
@misc{b2,
  title={Recommendation Systems, California: Cambredge University Press},
  author={Rajaraman, A., Ullman, J. D.},
  year={2014}},
}
@misc{b3,
  title={Nuevas Técnicas de Minería de Textos: Aplicaciones.},
  author={Torre, M. d.},
  publisher={Departamento de ciencia de la computación e inteligencia artificial},
  year={2017}},
}
